<record xmlns='http://www.loc.gov/MARC21/slim'><leader>01040cim a22003012u 4500</leader><controlfield tag='001'>3601389</controlfield><controlfield tag='005'>20151214182839.0</controlfield><controlfield tag='007'>ss|lmnjluz|nuu</controlfield><controlfield tag='008'>991101s1983    nyunnn         l    eng d</controlfield><datafield ind1=' ' ind2=' ' tag='035'><subfield code='a'>(NIC)notisASF8454</subfield></datafield><datafield ind1=' ' ind2=' ' tag='035'><subfield code='a'>3601389</subfield></datafield><datafield ind1=' ' ind2=' ' tag='035'><subfield code='a'>(OCoLC)63897516</subfield></datafield><datafield ind1=' ' ind2=' ' tag='040'><subfield code='a'>NIC</subfield><subfield code='c'>NIC</subfield><subfield code='d'>NIC</subfield><subfield code='d'>NIC</subfield></datafield><datafield ind1='1' ind2=' ' tag='100'><subfield code='a'>Robeson, Paul,</subfield><subfield code='d'>1898-1976.</subfield></datafield><datafield ind1='1' ind2='0' tag='245'><subfield code='a'>Commentary on two films</subfield><subfield code='h'>[sound recording]</subfield></datafield><datafield ind1=' ' ind2=' ' tag='260'><subfield code='c'>1983.</subfield></datafield><datafield ind1=' ' ind2=' ' tag='300'><subfield code='a'>1 sound cassette :</subfield><subfield code='b'>analog, mono.</subfield></datafield><datafield ind1=' ' ind2=' ' tag='500'><subfield code='a'>Recorded in Ithaca, NY by Cornell University.</subfield></datafield><datafield ind1=' ' ind2=' ' tag='518'><subfield code='a'>Lecture, October 5, 1983.</subfield></datafield><datafield ind1=' ' ind2=' ' tag='520'><subfield code='a'>Robeson introduces two films of his father&apos;s which present views of the black actor.</subfield></datafield><datafield ind1='1' ind2='0' tag='600'><subfield code='a'>Robeson, Paul,</subfield><subfield code='d'>1898-1976.</subfield></datafield><datafield ind1=' ' ind2='0' tag='650'><subfield code='a'>American drama</subfield><subfield code='x'>Afro-American actors.</subfield></datafield><datafield ind1=' ' ind2='0' tag='650'><subfield code='a'>African American actors.</subfield></datafield><datafield ind1='1' ind2='7' tag='600'><subfield code='a'>Robeson, Paul,</subfield><subfield code='d'>1898-1976</subfield><subfield code='2'>fast</subfield><subfield code='0'>(OCoLC)fst00055431</subfield></datafield><datafield ind1=' ' ind2='7' tag='650'><subfield code='a'>African American actors</subfield><subfield code='2'>fast</subfield><subfield code='0'>(OCoLC)fst00798998</subfield></datafield><datafield ind1='1' ind2=' ' tag='899'><subfield code='a'>CULectures</subfield></datafield><datafield ind1=' ' ind2=' ' tag='905'><subfield code='a'>20000317120000.0</subfield></datafield><datafield ind1='2' ind2=' ' tag='948'><subfield code='a'>20141221</subfield><subfield code='b'>m</subfield><subfield code='d'>batch</subfield><subfield code='e'>lts</subfield><subfield code='x'>addfast</subfield></datafield></record>